@InProceedings{Zhang2017-CVPR,
    author = {Zhang, Yuqian and Lau, Yenson and Kuo, Han-wen and Cheung, Sky and Pasupathy, Abhay and Wright, John},
    title = {On the Global Geometry of Sphere-Constrained Sparse Blind Deconvolution},
    booktitle = {The IEEE Conference on Computer Vision and Pattern Recognition (CVPR)},
    month = {July},
    year = {2017}
}


@Article{Absil2007-FCM,
    author={Absil, P.-A.  and Baker, C.G. and Gallivan, K.A.},
    title={Trust-Region Methods on Riemannian Manifolds},
    journal={Foundations of Computational Mathematics},
    year={2007},
    month={Jul},
    day={01},
    volume={7},
    number={3},
    pages={303--330}
}

@article{Goldfarb2010-SIAM,
  author = {Goldfarb, Donald and Wen, Zaiwen and Yin, Wotao},
  journal = {SIAM J. Imaging Sciences},
  number = 1,
  pages = {84-109},
  title = {A Curvilinear Search Method for p-Harmonic Flows on Spheres.},
  volume = 2,
  year = 2009
}

@book{de1999decoupling,
    title={Decoupling: from dependence to independence},
    author={De la Pena, Victor and Gin{\'e}, Evarist},
    year={1999},
    publisher={Springer}
}

@article{tropp2012user,
    author = {Joel A. Tropp},
    journal = {Foundations of Computational Mathematics},
    number = {4},
    pages = {389--434},
    publisher = {Springer},
    title = {User-friendly tail bounds for sums of random matrices},
    volume = {12},
    year = {2012},
}


@book{foucart2013mathematical,
    author = {Simon Foucart and Holger Rauhut},
    publisher = {Springer},
    title = {A Mathematical Introduction to Compressive Sensing},
    year = {2013},
}


@inproceedings{Hopkins16-STOC,
    author    = {Samuel B. Hopkins and Tselil Schramm and Jonathan Shi and David Steurer},
    title     = {Fast spectral algorithms from sum-of-squares proofs: tensor decomposition and planted sparse vectors},
    booktitle = {Proceedings of the 48th Annual {ACM} {SIGACT} Symposium on Theory of Computing, {STOC} 2016},
    pages     = {178--191},
    year      = {2016},
 }
 
 
@book{Bttcher99,
    author    = {Albrecht B{\"o}ttcher and Bernd Silbermann},
    title     = {Introduction to Large Truncated Toeplitz Matrix},
    publisher = {Springer Verlag},
    address   = {New York},
    year      = {1999},
 }
 
 
 
@article{Ge2017-NIPS,
    title={On the Optimization Landscape of Tensor decompositions},
    author={Rong Ge and Tengyu Ma},
    journal={Advances in Neural Information Processing Systems},
    year={2017}
}

 
@article{Ahmed2012-BDconvexprog,
    title={Blind deconvolution using convex programing},
    author={Ali Ahmed and Benjamin Recht and Justin Romberg},
    journal={arXiv preprint:1211.5608},
    year={2012}
}

@article{AKR2016,
    author = {Ali Ahmed and Felix Krahmer and Justin Romberg},
    year = {2016},
    month = {08},
    pages = {arXiv preprint:1608.08370},
    title = {Empirical Chaos Processes and Blind Deconvolution}
}


@article{Wipf2013-BayesianBD,
    title={Revisiting bayesian blind deconvolution},
    author={David Wipf and Haichao Zhang},
    journal={arXiv preprint:1305.2362},
    year={2013}
}


@article{Benichoux2013-ICASSP,
  	title={A fundamental pitfall in blind deconvolution with sparse and shift-invariant priors},
  	author={Alexis Benichoux and Emmanuel Vincent and Remi Gribonval},
  	journal={38th International Conference on Acoustics, Speech, and Signal Processing},
  	year={2013},
  	month={May},
}


@article{Chan1988-TIP, 
    author={Tony F. Chan and Chiu-Kwong Wong }, 
    title={Total variation blind deconvolution}, 
    journal={IEEE Transactions on Image Processing}, 
    year={1998}, 
    month={Mar}, 
    volume={7}, 
    number={3}, 
    pages={370-375}, 
}



@article{Candes2014-SIAM,
    author = {Emmanuel J. Candes and Carlos Fernandez-Granda},
    title = {Towards a Mathematical Theory of Super-resolution},
    journal = {Communications on Pure and Applied Mathematics},
    volume = {67},
    number = {6},
    pages = {906--956},
    year = {2014},
}


@article{Levin2011-PAMI, 
    author={Anat Levin and Yair Weiss and Fredo Durand and William T. Freeman}, 
    journal={IEEE Transactions on Pattern Analysis and Machine Intelligence}, 
    title={Understanding Blind Deconvolution Algorithms}, 
    year={2011}, 
    month={Dec}, 
    volume={33}, 
    number={12}, 
    pages={2354-2367}, 
}


@article{Choudhary2014-pp1,
    title = {Fundamental limits of blind deconvolution part {I}: Ambiguity kernel},
    author = {Sunav Choudhary and Urbashi Mitra},
    journal = {ArXiv e-prints},
    year = {2014},
    month = {November},
    volume = {abs/1411.3810},
    url = {http://arxiv.org/abs/1411.3810}
}


@article{Choudhary2014-pp2,
    title = {Fundamental limits of blind deconvolution part {II}: Sparsity-ambiguity trade-offs},
    author = {Choudhary, S and Mitra, Urbashi},
    journal = {ArXiv e-prints},
    year = {2015},
    month = {March},
    volume = {abs/1503.03184},
    url = {http://arxiv.org/abs/1503.03184}
}


@article{Choudhary2014-ISIT,
    title={Sparse blind deconvolution: what cannot be done},
    author={Choudhary, S. and Mitra, U.},
    journal={IEEE International Symposium on Information Theory},
    year={2014},
    month={June},
    pages={3002--3006},
}



@inproceedings{Perrone2014-CVPR,
  author = {Daniele Perrone and Paolo Favaro},
  title = {Total Variation Blind Deconvolution: The Devil is in the Details},
  booktitle = {IEEE Conference on Computer Vision and Pattern Recognition (CVPR)},
  year = {2014}
}


@article{Kundur1996-SPM, 
	author={Deepa Kundur and Dimitrios Hatzinakos}, 
	journal={Signal Processing Magazine, IEEE}, 
	title={Blind image deconvolution}, 
	year={1996}, 
	month={May}, 
	volume={13}, 
	number={3}, 
	pages={43-64}, 
}


@inproceedings{Kameoka2009-ICASSP, 
	author={Kameoka, H. and Nakatani, T. and Yoshioka, T.}, 
	booktitle={Acoustics, Speech and Signal Processing (ICASSP), 2009. IEEE International Conference on}, 
	title={Robust speech dereverberation based on non-negativity and sparse nature of 	speech spectrograms}, 
	year={2009}, 
	month={April}, 
	pages={45-48}, 
}

@inproceedings{Kumar2011-ICASSP, 
	author={Kumar, K. and Singh, R. and Raj, B. and Stern, R.}, 
	booktitle={Acoustics, Speech and Signal Processing (ICASSP), 2011 IEEE 	International Conference on}, 
	title={Gammatone sub-band magnitude-domain dereverberation for ASR}, 
	year={2011}, 
	month={May}, 
	pages={4604-4607}, 
}

@article{AMeraim1997-PIEEE, 
	author={Abed-Meraim, K. and Wanzhi Qiu and Hua, Y.}, 
	journal={Proceedings of the IEEE}, 
	title={Blind system identification}, 
	year={1997}, 
	month={Aug}, 
	volume={85}, 
	number={8}, 
	pages={1310-1322}, 
}

@article{Hua2002-CSSP,
	author={Yingbo Hua},
	title={Blind methods of system identification},
	journal={Circuits, Systems and Signal Processing},
	year={2002},
	volume={21},
	number={1},	
	pages={91-108},
}


@article{Amari1998-PIEEE, 
	author={Amari, S.-I. and Cichocki, A.}, 
	journal={Proceedings of the IEEE}, 
	title={Adaptive blind signal processing-neural network approaches}, 
	year={1998}, 
	month={Oct}, 
	volume={86}, 
	number={10}, 
	pages={2026-2048}, 
}



@incollection{Ekanadham2011-NIPS,
	title = {A blind sparse deconvolution method for neural spike identification},
	author = {Chaitanya Ekanadham and Daniel Tranchina and Eero P. Simoncelli},
	booktitle = {Advances in Neural Information Processing Systems 24},
	pages = {1440--1448},
	year = {2011},
} 


@article{SQW16-pp,
    author = {Ju Sun and Qing Qu and John Wright},    
    title = {A Geometric Analysis of Phase Retrieval},
    journal = {\rm preprint},
    year = {2016}	
}


@article{SQW15-pp,
    author = {Ju Sun and Qing Qu and John Wright},    
    title = {Complete Dictionary Recovery over the Sphere},
    journal = {\rm preprint}, 
    year = {2015}	
}

@article{QSW16-IT,
	author = {Qing Qu and Ju Sun and John Wright},	title = {Finding a sparse vector in a subspace: linear sparsity using alternating directions},
   journal = {{IEEE} Transactions on Information Theory},
	year = {2016}	
}


@inproceedings{Hopkins2016-STOC,
    author = {Samuel B. Hopkins and Tselil Schrammand and Jonathan Shi and David Steurer},
    title = {Fast Spectral Algorithms from Sum-of-squares Proofs: Tensor Decomposition and Planted Sparse Vectors},
    booktitle = {Proceedings of the Forty-eighth Annual ACM Symposium on Theory of Computing},
    series = {STOC '16},
    year = {2016},
    pages = {178--191},
} 

@inproceedings{Kohler2012-ECCV,
    author = {K\"{o}hler, Rolf and Hirsch, Michael and Mohler, Betty and Sch\"{o}lkopf, Bernhard and Harmeling, Stefan},
    title = {Recording and Playback of Camera Shake: Benchmarking Blind Deconvolution with a Real-world Database},
    booktitle = {12th European Conference on Computer Vision (ECCV)},
    year = {2012},
    pages = {27--40},
} 
 


@article{Fergus2006-ACM,
    author = {Rob Fergus and Barun Singh and Aaron Hertzmann and Sam T. Roweis and William T. Freeman},
    title = {Removing Camera Shake from a Single Photograph},
    journal = {ACM Transactions on Graphics},
    volume = {25},
    number = {3},
    month = {June},
    year = {2006},
    issn = {0730-0301},
    pages = {787--794},
} 



@INPROCEEDINGS{Krishnan2011-CVPR, 
    author={Dilip Krishnan and Terence Tay and Rob Fergus}, 
    booktitle={IEEE Conference onComputer Vision and Pattern Recognition (CVPR)}, 
    title={Blind deconvolution using a normalized sparsity measure}, 
    year={2011}, 
    pages={233-240}, 
    month={June},
}




@InProceedings{Sun2013-ICCP,
    author = {Libin Sun and Sunghyun Cho and Jue Wang and James Hays},
    title = {Edge-based Blur Kernel Estimation Using Patch Priors},
    booktitle = {Proc. IEEE International Conference on Computational Photography},
    year  = {2013},
}



@InProceedings{Gong2016-CVPR,
    author = {Dong Gong and Mingkui Tan and Yanning Zhang and Anton van den Hengel and Qinfeng Shi},
    title = {Blind Image Deconvolution by Automatic Gradient Activation},
    booktitle = {IEEE Conference on Computer Vision and Pattern Recognition (CVPR)},
    month = {June},
    year = {2016},
}



@ARTICLE{Liu2014-TIP, 
    author={Guangcan Liu and Shiyu Chang and Yi Ma}, 
    journal={IEEE Transactions on Image Processing}, 
    title={Blind Image Deblurring Using Spectral Properties of Convolution Operators}, 
    year={2014}, 
    volume={23}, 
    number={12}, 
    pages={5047-5056}, 
    month={Dec},
}



@article{Cho2009-SIGGRAPH,
    title = {Fast Motion Deblurring},
    author = {Sunghyun Cho and Seungyong Lee},
    journal = {ACM Transactions on Graphics (SIGGRAPH ASIA 2009)},
    year = {2009},
    volume = {28},
    number = {5},
    pages = {article no. 145},
}


@inproceedings{Xu2010-ECCV,
     author = {Li Xu and Jiaya Jia},
     title = {Two-phase Kernel Estimation for Robust Motion Deblurring},
     booktitle = {European Conference on Computer Vision (ECCV)},
     year = {2010},
     pages = {157--170},
} 


@article{Li17-IT,
    author = {Yanjun Li and Kiryung Lee and Yoram Bresler},    
    title = {Identifiability and stability in blind deconvolution under minimal assumptions},
    journal = {IEEE Transaction of Information Theory},
    year = {2017},
}



@article{Lee17-IT,
    author = {Kiryung Lee and Yanjun Li and Marius Junge and Yoram Bresler},    
    title = {Blind recovery of sparse signals from subsampled convolution},
    journal = {IEEE Transaction of Information Theory},
    year = {2017},
    month = {February},
    volume = {63},
    number = {2},
    pages = {802-821},
}



@article{Li16-IT,
    author = {Yanjun Li and Kiryung Lee and and Yoram Bresler},    
    title = {Identifiability in blind deconvolution with subspace or sparsity constraints},
    journal = {IEEE Transaction of Information Theory},
    year = {2016},
    month = {July},
    volume = {62},
    number = {7},
    pages = {4266 - 4275},
}



@article{Chi2016-TIP,
    author={Yuejie Chi}, 
    journal={IEEE Journal of Selected Topics in Signal Processing}, 
    title={Guaranteed Blind Sparse Spikes Deconvolution via Lifting and Convex Optimization}, 
    year={2016}, 
    volume={10}, 
    number={4}, 
    pages={782-794}, 
    month={June},
}


@article{Li16-pp,
    author = {Xiaodong Li and Shuyang Ling and Thomas Strohmer and Ke Wei},    
    title = {Rapid, Robust, and Reliable Blind Deconvolution via Nonconvex Optimization},
    journal = {{\rm preprint}},
    year = {2016}	
}



@article{Ling2015-IP,
    author={Shuyang Ling and Thomas Strohmer},
    title={Self-calibration and biconvex compressive sensing},
    journal={Inverse Problems},
    volume={31},
    number={11},
    pages={115002},
    year={2015}
}

@article{Ling2017-IT,
    author={Shuyang Ling and Thomas Strohmer},
    title={Blind Deconvolution Meets Blind Demixing: Algorithms and Performance Bounds},
    journal={IEEE Transactions on Information Theory},
    volume={63},
    number={7},
    pages={4497-4520},
    year={2017}
}


@article{Lewicki1998,
    author = {Michael S. Lewicki},
    journal = {Network: Computation in Neural Systems},
    number = {4},
    pages = {53--78},
    title = {A review of methods for spike sorting: the detection and classification of neural action potentials},
    volume = {9},
    year = {1998},
}


@inproceedings{Xiao2016-ECCV,
    author    = {Lei Xiao and Jue Wang and Wolfgang Heidrich and Michael Hirsch},
    title     = {Learning High-Order Filters for Efficient Blind Deconvolution of Document Photographs},
    booktitle = {14th European Conference on Computer Vision (ECCV)},
    pages     = {734--749},
    year      = {2016},
}


@inproceedings{Zhang2013-CVPR,
    author = {Haichao Zhang and David Wipf and Yanning Zhang},
    title = {Multi-Image Blind Deblurring Using a Coupled Adaptive Sparse Prior},
    year = {2013},
    month = {January},
    publisher = {IEEE Conference on Computer Vision and Pattern Recognition (CVPR)},
}

@incollection{Krishnan2009-NIPS, 
    author = {Dilip Krishnan and Rob Fergus}, 
    booktitle = {Advances in Neural Information Processing Systems 22}, 
    title = {Fast Image Deconvolution using Hyper-Laplacian Priors}, 
    year = {2009}, 
    pages = {1033--1041} 
 }


@article{Spielman12-pp,
    author = {Daniel Spielman and Huan Wang and John Wright},    
    title = {Exact Recovery of Sparsely-Used Dictionaries},
    journal = {\rm preprint},
    year = {2012}	
}

@article{Aharon2006-TSP,
    author = {Aharon, M. and Elad, M. and Bruckstein, A.},
    title = {SVDD: An Algorithm for Designing Overcomplete Dictionaries for Sparse Representation},
    journal = {Trans. Sig. Proc.},
    volume = {54},
    number = {11},
    month = nov,
    year = {2006},
    pages = {4311--4322},
} 


@article{Mairal2014,
    author = {Mairal, Julien and Bach, Francis and Ponce, Jean},
    title = {Sparse Modeling for Image and Vision Processing},
    journal = {Foundations and Trends in Computer Graphics and Vision},
    volume = {8},
    number = {2-3},
    month = dec,
    year = {2014},
} 



@book{Absil2007,
    author = {Absil, P.-A. and Mahony, R. and Sepulchre, R.},
    title = {Optimization Algorithms on Matrix Manifolds},
    year = {2007},
    publisher = {Princeton University Press},
    address = {Princeton, NJ, USA},
} 


